<record><leader>00000cas a2200000 a 4500</leader><controlfield tag="001">12793821</controlfield><controlfield tag="008">851114d19021907ksuwr ne      0    0eng d</controlfield><datafield ind1=" " ind2=" " tag="010"><subfield code="a">sn 85067076 </subfield></datafield><datafield ind1=" " ind2=" " tag="040"><subfield code="a">KSH</subfield><subfield code="b">eng</subfield><subfield code="c">KSH</subfield><subfield code="d">NPT</subfield><subfield code="d">OCL</subfield><subfield code="d">OCLCQ</subfield></datafield><datafield ind1=" " ind2=" " tag="042"><subfield code="a">msc</subfield></datafield><datafield ind1="0" ind2="4" tag="245"><subfield code="a">The Labor champion.</subfield></datafield><datafield ind1="1" ind2="3" tag="246"><subfield code="a">Kansas champion</subfield><subfield code="f">May 11, 1906-&lt;Jan. 25, 1907&gt;</subfield></datafield><datafield ind1=" " ind2=" " tag="260"><subfield code="a">Topeka, Kan. :</subfield><subfield code="b">[s.n.]</subfield></datafield><datafield ind1=" " ind2=" " tag="300"><subfield code="a">v. :</subfield><subfield code="b">ill. ;</subfield><subfield code="c">39-55 cm.</subfield></datafield><datafield ind1=" " ind2=" " tag="310"><subfield code="a">Weekly</subfield></datafield><datafield ind1="1" ind2=" " tag="362"><subfield code="a">Began in 1902? Ceased with Jan. 25, 1907 issue?</subfield></datafield><datafield ind1=" " ind2=" " tag="550"><subfield code="a">"Official paper Topeka Trades and Labor Council," &lt;Mar. 28, 1902&gt;-Apr. 24, 1903; "Official paper Trades and Labor Council, Building Trades Council and Lawrence Central Labor Union," May 1, 1903-May 4, 1906.</subfield></datafield><datafield ind1=" " ind2=" " tag="588"><subfield code="a">Description based on: Vol. 1, no. 9 (Mar. 28, 1902).</subfield></datafield><datafield ind1=" " ind2=" " tag="752"><subfield code="a">United States</subfield><subfield code="b">Kansas</subfield><subfield code="c">Shawnee</subfield><subfield code="d">Topeka.</subfield></datafield><datafield ind1="1" ind2=" " tag="029"><subfield code="a">AU@</subfield><subfield code="b">000022170905</subfield></datafield></record>